
@misc{FirstHourUE5,
  title = {Your First Hour in Unreal Engine 5},
  author = {Epic Games},
  howpublished = {\url{https://dev.epicgames.com/community/learning/courses/ZpX/your-first-hour-in-unreal-engine-5/RPwK/your-first-hour-in-unreal-engine-5-overview}},
  note = {Accessed: 2022-11-01}
}

@misc{UE5StarterCourse2022,
  title = {UE5 Starter Course 2022},
  author = {Unreal Sensei},
  howpublished = {\url{https://www.youtube.com/watch?v=k-zMkzmduqI}},
  note = {Accessed: 2022-11-01}
}

@misc{UE5Documentation,
  title = {Unreal Engine 5 Documentation},
  howpublished = {\url{https://docs.unrealengine.com/5.0/en-US/}},
  note = {Accessed: 2022-11-01}
}

@misc{LearnC++,
    title = {Learn C++},
    howpublished = {\url{https://www.learncpp.com/}},
    note = {Accessed: 2022-11-01}
}

@misc{UE5C++,
    title = {UnrealEngine 5 | C++ Tutorial},
    author = {LÃ¶twig Fusel},
    howpublished = {\url{https://www.youtube.com/playlist?list=PL-m4pn2uJvXHL5rxdudkhqrSRM5gN43YN}},
    note = {Accessed: 2022-11-01}
}

@misc{unrealcpp,
    title = {unrealcpp},
    author = {Harrison1},
    howpublished = {\url{https://github.com/Harrison1/unrealcpp}},
    note = {Accessed: 2022-11-01}
}

@misc{awesome-unreal,
    title = {awesome-unreal},
    author = {insthync},
    howpublished = {\url{https://github.com/insthync/awesome-unreal}},
    note = {Accessed: 2022-11-01}
}

@misc{UnrealEngineCommunityWiki,
    title = {Unreal Engine Community Wiki},
    author = {Unreal Engine Community},
    howpublished = {\url{https://unrealcommunity.wiki/}},
    note = {Accessed: 2023-04-03}
}
